<?xml version='1.0' encoding='UTF-8'?>
<record xmlns="http://www.loc.gov/MARC21/slim">
  <leader>00739cam a22002175  4500</leader>
  <controlfield tag="001">2955420</controlfield>
  <controlfield tag="003">NjP</controlfield>
  <controlfield tag="005">20100713113013.0</controlfield>
  <controlfield tag="008">000223s1936    ir            000 0 ara d</controlfield>
  <datafield tag="024" ind1="7" ind2=" ">
    <subfield code="a">princeton_aco002556</subfield>
    <subfield code="2">local</subfield>
  </datafield>
  <datafield ind1=" " ind2=" " tag="035">
    <subfield code="a">(OCoLC)ocm43507629</subfield>
  </datafield>
  <datafield ind1=" " ind2=" " tag="035">
    <subfield code="9">CPJ7319TS</subfield>
  </datafield>
  <datafield ind1=" " ind2=" " tag="040">
    <subfield code="a">PUL</subfield>
    <subfield code="c">PUL</subfield>
  </datafield>
  <datafield ind1="0" ind2=" " tag="100">
    <subfield code="a">Omar Khayyam.</subfield>
  </datafield>
  <datafield ind1="0" ind2="0" tag="245">
    <subfield code="a">Risālah fī sharḥ mā ashkala min muṣādarāt kitāb Uqlīdis ...</subfield>
    <subfield code="c">nāshir T. Irānī.</subfield>
  </datafield>
  <datafield ind1="0" ind2=" " tag="246">
    <subfield code="i">Added cover title:</subfield>
    <subfield code="a">Discussion of difficulties of Euclid</subfield>
  </datafield>
  <datafield ind1=" " ind2=" " tag="260">
    <subfield code="a">Tehran,</subfield>
    <subfield code="b">Maṭbaʻeh-yi Sīrūs,</subfield>
    <subfield code="c">1314 [1936]</subfield>
  </datafield>
  <datafield ind1=" " ind2=" " tag="300">
    <subfield code="a">47 p.</subfield>
    <subfield code="c">25 cm.</subfield>
  </datafield>
  <datafield ind1=" " ind2=" " tag="546">
    <subfield code="a">In Arabic.</subfield>
  </datafield>
  <datafield ind1=" " ind2=" " tag="500">
    <subfield code="a">Introduction in Persian.</subfield>
  </datafield>
  <datafield ind1=" " ind2=" " tag="945">
    <subfield code="a">SY</subfield>
    <subfield code="b">1</subfield>
    <subfield code="c">2472.377.1936</subfield>
  </datafield>
  <datafield ind1=" " ind2=" " tag="911">
    <subfield code="a">20000402</subfield>
  </datafield>
  <datafield ind1="0" ind2="0" tag="852">
    <subfield code="0">3270247</subfield>
    <subfield code="b">nec</subfield>
    <subfield code="t">1</subfield>
    <subfield code="h">QA31.E9</subfield>
    <subfield code="i">O437 1936</subfield>
  </datafield>
  <datafield ind1=" " ind2=" " tag="959">
    <subfield code="a">2009-08-31 11:51:30 -0500</subfield>
  </datafield>
</record>
